
@book{p._bogart_introductory_2000,
	address = {San Diego},
	edition = {3},
	title = {Introductory {Combinatorics}},
	isbn = {0-12-110830-9},
	language = {English},
	publisher = {Academic Press},
	author = {P. Bogart, Kenneth},
	year = {2000},
	note = {original-date: 1983},
}

@misc{pittman_pac-man_2009,
	title = {The {Pac}-{Man} {Dossier}},
	url = {https://www.gamedeveloper.com/design/the-pac-man-dossier},
	language = {English},
	journal = {Game Developer},
	author = {Pittman, Jamey},
	month = feb,
	year = {2009},
}
